<record><leader>00000cas a2200000 a 4500</leader><controlfield tag="001">37686598</controlfield><controlfield tag="008">970925d19281931miuir n       0    0eng c</controlfield><datafield ind1=" " ind2=" " tag="010"><subfield code="a">sn 97063358 </subfield></datafield><datafield ind1=" " ind2=" " tag="040"><subfield code="a">MHN</subfield><subfield code="b">eng</subfield><subfield code="c">MHN</subfield><subfield code="d">OCL</subfield><subfield code="d">OCLCQ</subfield><subfield code="d">OCLCF</subfield><subfield code="d">OCLCO</subfield></datafield><datafield ind1="1" ind2=" " tag="029"><subfield code="a">AU@</subfield><subfield code="b">000013497127</subfield></datafield><datafield ind1=" " ind2=" " tag="042"><subfield code="a">pcc</subfield></datafield><datafield ind1=" " ind2=" " tag="043"><subfield code="a">n-us-mi</subfield></datafield><datafield ind1="0" ind2="4" tag="245"><subfield code="a">The Washtenaw tribune.</subfield></datafield><datafield ind1=" " ind2=" " tag="260"><subfield code="a">Ann Arbor, Mich. :</subfield><subfield code="b">Hemingway-Diehl Co.</subfield></datafield><datafield ind1=" " ind2=" " tag="300"><subfield code="a">v.</subfield></datafield><datafield ind1=" " ind2=" " tag="310"><subfield code="a">Triweekly,</subfield><subfield code="b">Apr. 21, 1930-July 20, 1931</subfield></datafield><datafield ind1=" " ind2=" " tag="321"><subfield code="a">Semiweekly,</subfield><subfield code="b">Jan. 24, 1928-Apr. 18, 1930</subfield></datafield><datafield ind1="0" ind2=" " tag="362"><subfield code="a">Vol. 11, no. 32 (Jan. 24, 1928)-v. 14, no. 124 (July 20, 1931).</subfield></datafield><datafield ind1=" " ind2=" " tag="500"><subfield code="a">Issue called: National Bank ed., Feb. 19, 1929.</subfield></datafield><datafield ind1=" " ind2="0" tag="651"><subfield code="a">Ann Arbor (Mich.)</subfield><subfield code="v">Newspapers.</subfield></datafield><datafield ind1=" " ind2="0" tag="651"><subfield code="a">Washtenaw County (Mich.)</subfield><subfield code="v">Newspapers.</subfield></datafield><datafield ind1=" " ind2="7" tag="655"><subfield code="a">Newspapers.</subfield><subfield code="2">fast</subfield><subfield code="0">(OCoLC)fst01423814</subfield></datafield><datafield ind1=" " ind2="7" tag="651"><subfield code="a">Michigan</subfield><subfield code="z">Ann Arbor.</subfield><subfield code="2">fast</subfield><subfield code="0">(OCoLC)fst01204587</subfield></datafield><datafield ind1=" " ind2="7" tag="651"><subfield code="a">Michigan</subfield><subfield code="z">Washtenaw County.</subfield><subfield code="2">fast</subfield><subfield code="0">(OCoLC)fst01214739</subfield></datafield><datafield ind1=" " ind2=" " tag="752"><subfield code="a">United States</subfield><subfield code="b">Michigan</subfield><subfield code="c">Washtenaw</subfield><subfield code="d">Ann Arbor.</subfield></datafield><datafield ind1="0" ind2="0" tag="780"><subfield code="t">Washtenaw County tribune</subfield><subfield code="w">(DLC)sn 98066128</subfield><subfield code="w">(OCoLC)38922801</subfield></datafield><datafield ind1="0" ind2="0" tag="785"><subfield code="t">Ann Arbor tribune</subfield><subfield code="w">(DLC)sn 97063359</subfield><subfield code="w">(OCoLC)37646270</subfield></datafield></record>